<?xml version="1.0" encoding="UTF-8"?><record xmlns="http://www.loc.gov/MARC21/slim" xmlns:cinclude="http://apache.org/cocoon/include/1.0" xmlns:zs="http://www.loc.gov/zing/srw/">
  <leader>00397nz  a2200121n  4500</leader>
  <controlfield tag="001">n  86831576 </controlfield>
  <controlfield tag="003">DLC</controlfield>
  <controlfield tag="005">19860604134607.9</controlfield>
  <controlfield tag="008">860604n| acannaab|          |n aad |||  </controlfield>
  <datafield tag="010" ind1=" " ind2=" ">
    <subfield code="a">n  86831576 </subfield>
  </datafield>
  <datafield tag="040" ind1=" " ind2=" ">
    <subfield code="a">DLC</subfield>
    <subfield code="c">DLC</subfield>
  </datafield>
  <datafield tag="100" ind1="1" ind2="0">
    <subfield code="a">Smith, David John,</subfield>
    <subfield code="d">1940-</subfield>
  </datafield>
  <datafield tag="670" ind1=" " ind2=" ">
    <subfield code="a">nuc86-51151: His A comparison of the effects of ... [MI] 1971</subfield>
    <subfield code="b">(hdg. on MChB rept.: Smith, David John, 1940- ; usage: David John Smith)</subfield>
  </datafield>
</record>